%% LaTeX2e file `main.bib'
%% generated by the `filecontents' environment
%% from source `main' on 2021/04/14.
%%
@IEEEtranBSTCTL{IEEEexample:BSTcontrol,
CTLdash_repeated_names= "no",
}
\input{references.bib}
