%% This BibTeX bibliography file was created using BibDesk.
%% https://bibdesk.sourceforge.io/

%% Created for Omar Filip El Sendiouny at 2021-06-21 23:07:55 +0200 


%% Saved with string encoding Unicode (UTF-8) 



@manual{Victron:2021,
	date-added = {2021-04-22 13:37:05 +0200},
	date-modified = {2021-04-22 15:11:47 +0200},
	edition = {05},
	month = {07},
	organization = {{Victron Energy B.V.}},
	title = {BlueSolar charge controllers MPPT 75/10, 75/15, 100/15},
	year = {2018}}

@article{Karafil:2016,
	author = {Akif Karafil and Harun Ozbay and Metin Kesler and Huseyin Parmaksiz},
	date-added = {2021-04-17 01:21:32 +0200},
	date-modified = {2021-04-17 01:23:28 +0200},
	journal = {ELECO 2015 - 9th International Conference on Electrical and Electronics Engineering},
	pages = {971-976},
	title = {Calculation of optimum fixed tilt angle of PV panels depending on solar angles and comparison of the results with experimental study conducted in summer in Bilecik, Turkey},
	year = {2016}}

@manual{MeanWell,
	date-added = {2021-04-15 11:38:16 +0200},
	date-modified = {2021-04-15 11:42:22 +0200},
	edition = {1JJ8ENC-R2},
	organization = {{Mean Well}},
	title = {ENC Programmable Smart Charger Instruction Manual}}

@book{Kemmetmuller:2021,
	address = {Vienna, Austria},
	author = {Wolfgang Kemmetm{\"u}ller and Andreas Kugi},
	date-added = {2021-04-13 20:34:41 +0200},
	date-modified = {2021-04-13 20:36:53 +0200},
	publisher = {Institut fuer Automatisierungs- und Regelungstechnik, TU Wien},
	title = {Modellbildung},
	year = {2021}}

@article{Ho:2002,
	author = {Christian Ho and Nasser Golshan and Arvydas Kliore},
	date-added = {2021-04-13 20:25:03 +0200},
	date-modified = {2021-04-13 20:27:23 +0200},
	journal = {NASA Jet Propulsion Laboratory California Institute of Technology},
	month = {03},
	title = {Radio Wave Propagation Handbook for Communication on and Around Mars},
	volume = {JPL Publication 02-5},
	year = {2002}}

@manual{das_energy_2017,
	date-added = {2021-04-12 15:28:18 +0200},
	date-modified = {2021-04-15 11:39:46 +0200},
	edition = {11/2017/EN/DAS Energy GmbH},
	month = {11},
	organization = {{DAS Energy GmbH}},
	title = {Lightweight Flexible Photovolaic Module},
	year = {2017}}

@manual{ae_solar:2019,
	date-added = {2021-04-12 15:25:33 +0200},
	date-modified = {2021-04-15 11:39:19 +0200},
	edition = {AES-DSH2019 V.002},
	organization = {{AE Solar GmbH}},
	title = {AE Smart Hot-Spot Free Monocrystalline PV Modules AE M6-36 Series 180W-195W},
	year = {2019}}

@manual{push_switch:2011,
	date-added = {2021-04-12 15:18:34 +0200},
	date-modified = {2021-04-15 11:40:46 +0200},
	edition = {C8\textbackslash R13\textbackslash R13-527A-02(1830627)\_1},
	month = {05},
	organization = {{Shin Chin Industrial Co., Ltd.}},
	title = {Push switch R13-527A2-02},
	year = {2011}}

@url{Adolf:2020,
	author = {{National Aeronautics and Space Administration}},
	date-added = {2021-04-07 16:16:27 +0200},
	date-modified = {2021-04-13 16:26:15 +0200},
	lastchecked = {2021-04-13},
	month = {08},
	title = {3 ANTHROPOMETRY AND BIOMECHANICS},
	url = {https://msis.jsc.nasa.gov/sections/section03.htm},
	urldate = {2021-04-13},
	year = {2020},
	Bdsk-Url-1 = {https://msis.jsc.nasa.gov/sections/section03.htm}}

@manual{EP900w:2021,
	date-added = {2021-04-07 00:20:29 +0200},
	date-modified = {2021-04-15 11:39:06 +0200},
	edition = {02-2021},
	month = {02},
	organization = {{Motorola Solutions Inc.}},
	title = {EP900w},
	year = {2021}}

@book{Hinker:2007,
	address = {Innsbruck, Austria},
	author = {G{\"u}nther Hinker},
	date-added = {2021-04-06 19:29:51 +0200},
	date-modified = {2021-04-13 14:00:55 +0200},
	edition = {V1.0},
	month = {08},
	publisher = {OeWF},
	title = {Excerpt of the NASA STD-3000 Standard},
	year = {2007}}

@book{Lange:1992,
	address = {New York},
	date-added = {2021-04-06 14:25:51 +0200},
	date-modified = {2021-04-13 14:08:06 +0200},
	editor = {Klaus Lange and Karl-Heinz L{\"o}cherer},
	publisher = {Springer-Verlag Berlin Heidelberg},
	title = {Taschenbuch der Hochfrequenztechnik},
	volume = {2},
	year = {1992}}

@manual{Paoloni:2021,
	date-added = {2021-04-05 16:21:44 +0200},
	date-modified = {2021-04-15 11:39:51 +0200},
	organization = {{Messi \& Paoloni}},
	title = {M \& P UltraflexFlex 7},
	year = {2021}}

@manual{Daiwa-industry-co.:2016,
	date-added = {2021-04-05 00:33:49 +0200},
	date-modified = {2021-04-15 11:39:13 +0200},
	edition = {No.201606},
	month = {06},
	organization = {{Daiwa industry co. Ltd.}},
	title = {Instruction manual cross needle SWR \& power meter CN-501 series},
	year = {2016}}

@url{antenna:2020,
	author = {{Diamond Antenna Corp.}},
	date-added = {2021-04-05 00:30:05 +0200},
	date-modified = {2021-04-13 16:19:10 +0200},
	lastchecked = {2021-04-13},
	title = {V/UHF fixed station antenna},
	url = {http://www.diamond-ant.co.jp/english/commercial/com_3fix.html},
	urldate = {2021-04-13},
	Bdsk-Url-1 = {http://www.diamond-ant.co.jp/english/commercial/com_3fix.html}}

@manual{LinkMargin:2016,
	date-added = {2021-04-01 14:20:10 +0200},
	date-modified = {2021-04-15 11:40:55 +0200},
	month = {9},
	organization = {{Campbell Scientific Inc.}},
	title = {The Link Budget and Fade Margin},
	year = {2016}}

@manual{SystemPlanner:2018,
	date-added = {2021-03-31 17:53:31 +0200},
	date-modified = {2021-04-15 11:40:29 +0200},
	edition = {System Release 2.9.5},
	organization = {{Motorola Solutions Inc.}},
	title = {Mototrbo System Planner},
	year = {2018}}

@book{Parsons:2000,
	address = {Sussex, England},
	author = {J. D. Parsons},
	date-added = {2021-03-29 13:58:32 +0200},
	date-modified = {2021-04-13 14:20:26 +0200},
	edition = {2},
	publisher = {John wiley \& Sons, Ltd},
	title = {The mobile Radio Propagation Channel},
	year = {2000}}

@book{Goiser:2019,
	address = {Vienna, Austria},
	author = {Alois M. J. Goiser},
	date-added = {2021-03-29 13:47:23 +0200},
	date-modified = {2021-04-13 13:56:18 +0200},
	edition = {V 1.1b},
	publisher = {Institute of Telecommunications},
	title = {Telekommunikation},
	year = {2019}}

@book{Mecklenbrauker:2017,
	address = {Vienna, Austria},
	author = {Christoph Mecklenbr{\"a}uker},
	date-added = {2021-03-29 13:44:01 +0200},
	date-modified = {2021-04-13 14:17:27 +0200},
	edition = {14},
	publisher = {Institute for Telecommunications},
	title = {Wellenausbreitung},
	year = {2017}}

@manual{DM2600:2013,
	date-added = {2021-03-28 22:33:18 +0200},
	date-modified = {2021-06-21 23:07:52 +0200},
	edition = {EMEA version 1},
	month = {8},
	organization = {{Motorola Solutions Inc.}},
	title = {Mototrbo\textsuperscript{TM} DM 2600 mobile radios},
	year = {2013}}

@manual{SLR1000:2019,
	date-added = {2021-03-28 21:56:38 +0200},
	date-modified = {2021-04-15 11:40:24 +0200},
	edition = {EMEA version 2},
	month = {3},
	organization = {{Motorola Solutions Inc.}},
	title = {Mototrbo SLR 1000},
	year = {2019}}

@manual{SL2600:2017,
	date-added = {2021-03-28 21:49:25 +0200},
	date-modified = {2021-04-15 11:40:13 +0200},
	edition = {EMEA version 1},
	month = {9},
	organization = {{Motorola Solutions Inc.}},
	title = {Mototrbo SL 2600},
	year = {2017}}

@url{SP1000:2020,
	author = {RF Parts Company},
	date-added = {2021-03-28 20:20:29 +0200},
	date-modified = {2021-04-13 16:41:47 +0200},
	lastchecked = {2021-04-13},
	title = {SP1000 Lightning Arrester},
	url = {https://www.diamondantenna.net/sp1000.html},
	urldate = {2021-04-13},
	year = {2020},
	Bdsk-Url-1 = {https://www.diamondantenna.net/sp1000.html}}

@book{Gerhard-Fasching:2005,
	address = {Vienna, Austria},
	author = {Gerhard Fasching},
	date-added = {2021-03-24 18:26:18 +0100},
	date-modified = {2021-04-13 13:52:22 +0200},
	edition = {4},
	publisher = {Springer-Verlag},
	title = {Werkstoffe f{\"u}r die Elektrotechnik},
	year = {2005}}

@article{Notten:2005,
	author = {P.H.L Notten and J.H.G Op het Veld and J.R.G van Beck},
	date-added = {2021-03-17 16:50:30 +0100},
	date-modified = {2021-03-17 16:52:39 +0100},
	journal = {Journal of Power Sources},
	pages = {89-94},
	title = {Boostcharging Li-ion batteries: A challenging new charging concept},
	volume = {145},
	year = {2005}}

@article{Liu:2020,
	author = {Haining Liu and Ijaz Haider Naqiv and Fajia Li and Chengliang Liu and Neda Shafiei and Yulong Li and Michael Pecht},
	date-added = {2021-03-17 16:46:22 +0100},
	date-modified = {2021-03-17 16:49:39 +0100},
	journal = {Journal of Energy Storage},
	pages = {1-11},
	title = {An analytical model for the CC-CV charge of Li-ion batteries with application to degradation analysis},
	volume = {29},
	year = {2020}}

@article{Thirugnanam:2014,
	author = {Kannan Thirugnanam and Ezhil Reena Joy T. P. and Mukesh Singh and Praveen Kumar},
	date-added = {2021-03-09 22:37:56 +0100},
	date-modified = {2021-03-09 22:39:44 +0100},
	journal = {IEEE Transactions on Energy Conversion},
	pages = {332-343},
	title = {Mathematical modeling of li-ion battery using genetic algorithm approach for V2G applications},
	volume = {29},
	year = {2014}}

@article{He:2011,
	author = {Hongwen He and Rui Xiong and Jinxin Fan},
	date-added = {2021-03-07 16:43:26 +0100},
	date-modified = {2021-03-07 16:44:18 +0100},
	journal = {Energies},
	pages = {582-598},
	title = {Evaluation of lithium-ion battery equivalent circuit models for state of charge estimation by an experimental approach},
	volume = {4},
	year = {2011}}

@article{Hausmann:2013,
	author = {Austin Hausmann and Christopher Depcik},
	date-added = {2021-03-06 18:14:07 +0100},
	date-modified = {2021-03-06 18:15:24 +0100},
	journal = {Journal of Power Sources},
	pages = {148-158},
	title = {Expanding the Peukert equation for battery capacity modeling through inclusion of a temperature dependency},
	volume = {235},
	year = {2013}}

@article{Chin:2018,
	author = {Cheng Siong Chin and Zuchang Gao and Joel Hay King Chiew and Caizhi Zhang},
	date-added = {2021-03-06 16:34:23 +0100},
	date-modified = {2021-03-06 16:36:16 +0100},
	journal = {Energies},
	pages = {1-28},
	title = {Nonlinear temperature-dependent state model of cylindrical LiFePO4 battery for open-circuit voltage, terminal voltage and state-of-charge estimation with extended kalman filter},
	volume = {11},
	year = {2018}}

@article{Nejad:2016,
	author = {S. Nejad and D. T. Gladwin and D. A. Stone},
	date-added = {2021-03-06 16:28:36 +0100},
	date-modified = {2021-03-06 16:32:06 +0100},
	journal = {Journal of Power Sources},
	pages = {183-196},
	title = {A systematic review of lumped-parameter equivalent circuit models for real-time estimation of lithium-ion battery states},
	volume = {316},
	year = {2016}}

@article{Ala-A.-Hussein:2015,
	author = {A. A. Hussein},
	date-added = {2021-03-04 21:10:42 +0100},
	date-modified = {2021-04-13 13:12:00 +0200},
	journal = {Conference Proceedings - IEEE Applied Power Electronics Conference and Exposition - APEC},
	title = {Experimental Modeling and Analysis of Lithium-ion Battery Temperature Dependence},
	volume = {2015-May},
	year = {2015}}

@article{Wehbe:2015,
	author = {Johnny Wehbe and Nabil Karami},
	date-added = {2021-03-04 15:39:27 +0100},
	date-modified = {2021-03-04 15:41:05 +0100},
	journal = {2015 3rd International Conference on Technological Advances in Electrical, Electronics and Computer Engineering, TAEECE 2015},
	pages = {45-49},
	title = {Battery equivalent circuits and brief summary of components value determination of lithium ion: A review},
	year = {2015}}

@article{Hentunen:2014,
	author = {Ari Hentunen and Teemu Lehmuspelto and Jussi Suomela},
	date-added = {2021-03-04 15:29:20 +0100},
	date-modified = {2021-03-04 15:31:12 +0100},
	journal = {IEEE Transactions on Energy Conversion},
	pages = {558-566},
	title = {Time-domain parameter extraction method for th{\'e}venin-equivalent circuit battery models},
	volume = {29},
	year = {2014}}

@article{Hossain:2019,
	author = {Monowar Hossain and S. Saha and M. E. Haque and M. T. Arif and AMT. Oo},
	date-added = {2021-03-04 15:25:46 +0100},
	date-modified = {2021-03-04 15:27:17 +0100},
	journal = {2019 IEEE Industry Applications Society Annual Meeting, IAS 2019},
	pages = {1-7},
	title = {A Parameter Extraction Method for the Thevenin Equivalent Circuit Model of Li-ion Batteries},
	year = {2019}}

@article{Gurjer:2019,
	author = {Lokesh Gurjer and Poonam Chaudhary and H. K. Verma},
	date-added = {2021-03-04 15:20:38 +0100},
	date-modified = {2021-04-01 00:02:27 +0200},
	journal = {Proceedings of 2019 3rd IEEE International Conference on Electrical, Computer and Communication Technologies, ICECCT 2019},
	pages = {1-5},
	title = {Detailed Modelling Procedure for Lithium-ion Battery Using Thevenin Equivalent},
	year = {2019}}

@article{Li:2018,
	author = {Junhui Li and Fengjie Gao and Gangui Yan and Tianyang Zhang and Jianlin Li},
	date-added = {2021-03-04 15:17:58 +0100},
	date-modified = {2021-03-04 15:19:59 +0100},
	journal = {Protection and Control of Modern Power Systems},
	pages = {3-11},
	title = {Modeling and SOC estimation of lithium iron phosphate battery considering capacity loss},
	volume = {3},
	year = {2018}}

@article{Rahmoun:2012,
	author = {Ahmad Rahmoun and Helmuth Biechl},
	date-added = {2021-03-04 13:58:41 +0100},
	date-modified = {2021-03-04 14:46:26 +0100},
	journal = {Przeglad Elektrotechniczny (Electrical Review)},
	pages = {152-156},
	title = {Modelling of Li-ion batteries using equivalent circuit diagrams},
	volume = {88},
	year = {2012}}

@article{Saldana:2019,
	author = {Gaizka Salda{\~n}a and Jos{\'e} Ignacio San Mart\'{i}n and Inmaculada Zamora and Francisco Javier Asensio and Oier O{\~n}ederra},
	date-added = {2021-03-04 13:47:50 +0100},
	date-modified = {2021-04-12 17:05:24 +0200},
	journal = {Energies},
	pages = {1-27},
	title = {Analysis of the Current Electric Battery Models for Electric Vehicle Simulation},
	volume = {12},
	year = {2019}}

@article{Hinz:2019,
	author = {Hartmut Hinz},
	date-added = {2021-03-04 13:41:32 +0100},
	date-modified = {2021-03-04 15:07:25 +0100},
	journal = {Inventions},
	pages = {1-22},
	title = {Comparison of Lithium-Ion Battery Models for Simulating Storage Systems in Distributed Power Generation},
	volume = {4},
	year = {2019}}

@book{Kurzweil:2018,
	address = {Wiesbaden, Germany},
	author = {Peter Kurzweil and Otto K. Dietlmeier},
	date-added = {2021-03-03 20:55:00 +0100},
	date-modified = {2021-04-13 14:06:00 +0200},
	editor = {2},
	publisher = {Springer Fachmedien Wiesbaden GmbH},
	title = {Elektrochemische Speicher},
	year = {2018}}

@book{Sterner:2017,
	address = {Berlin},
	date-added = {2021-03-03 20:49:44 +0100},
	date-modified = {2021-04-13 14:28:25 +0200},
	edition = {2},
	editor = {Michael Sterner and Ingo Stadler},
	publisher = {Springer-Verlag GmbH Deutschland},
	title = {Energiespeicher},
	year = {2017}}

@manual{Offgridtec:2020,
	date-added = {2021-03-03 20:42:59 +0100},
	date-modified = {2021-04-15 11:40:37 +0200},
	organization = {{Offgridtec GmbH}},
	title = {Offgridtec Smart-Pro 12,8V 50Ah/100Ah/150Ah/200Ah},
	year = {2020}}

@article{Babikir:2020,
	author = {Mahamat Hassane Babikir and Donatien Njomo and Mahamat Barka and Mahamoud Youssouf Khayal and Deli Goron and Venant Sorel Chara-Dackou and Tefouet Tiague Martial and Kamta Legue Daniel Romeo and Gram-shou Jean Paul and Nzadi Siwe Elie},
	date-added = {2021-03-03 13:34:22 +0100},
	date-modified = {2021-03-04 15:02:38 +0100},
	journal = {International Journal of Photoenergy},
	pages = {1-10},
	title = {Modeling the Incident Solar Radiation of the City of N'Djamena (Chad) by the Capderou Method},
	volume = {2020},
	year = {2020}}

@url{icon:2021,
	author = {{icon-icons}},
	date-added = {2021-02-06 16:21:50 +0100},
	date-modified = {2021-04-13 16:35:33 +0200},
	lastchecked = {2021-04-13},
	title = {Ethernet Symbol},
	url = {https://icon-icons.com/de/symbol/Ethernet/2745},
	urldate = {2021-04-13},
	year = {2021},
	Bdsk-Url-1 = {https://icon-icons.com/de/symbol/Ethernet/2745}}

@book{Hau:2016,
	address = {Berlin},
	author = {Erich Hau},
	date-added = {2021-02-02 19:12:10 +0100},
	date-modified = {2021-04-13 13:58:06 +0200},
	edition = {6},
	publisher = {Springer-Verlag GmbH Deutschland},
	title = {Windkraftanlagen},
	year = {2016}}

@url{Solargis:2021,
	author = {{Solargis}},
	date-added = {2021-01-25 15:13:00 +0100},
	date-modified = {2021-04-13 16:39:40 +0200},
	lastchecked = {2021-04-13},
	title = {Weather data and software for solar power investments},
	url = {https://solargis.com/},
	urldate = {2021-04-13},
	year = {2021},
	Bdsk-Url-1 = {https://solargis.com/}}

@url{Atlas:2020,
	author = {{Global Wind Atlas}},
	date-added = {2021-01-22 21:18:58 +0100},
	date-modified = {2021-04-13 16:17:35 +0200},
	lastchecked = {2021-04-13},
	title = {Global Wind Atlas},
	url = {https://globalwindatlas.info/area/India},
	urldate = {2021-04-13},
	year = {2021},
	Bdsk-Url-1 = {https://globalwindatlas.info/area/India}}

@book{Flosdorff:2008,
	address = {Wiesbaden, Germany},
	author = {Rene Flosdorff and G{\"u}nther Hilgarth},
	date-added = {2021-01-22 19:35:58 +0100},
	date-modified = {2021-04-13 13:50:04 +0200},
	edition = {9},
	publisher = {Vieweg+Teubner Verlag | GWV Fachverlag GmbH},
	title = {Elektrische Energieverteilung},
	year = {2008}}

@url{Grayzeck:2020,
	author = {D. R. Williams},
	date-added = {2021-01-22 16:14:58 +0100},
	date-modified = {2021-04-13 16:32:48 +0200},
	lastchecked = {2021-04-13},
	month = {11},
	title = {Mars Fact Sheet},
	url = {https://nssdc.gsfc.nasa.gov/planetary/factsheet/marsfact.html},
	urldate = {2021-04-13},
	year = {2020},
	Bdsk-Url-1 = {https://nssdc.gsfc.nasa.gov/planetary/factsheet/marsfact.html}}

@url{Williams:2020,
	author = {D. R. Williams},
	date-added = {2021-01-22 16:13:05 +0100},
	date-modified = {2021-04-13 16:43:54 +0200},
	lastchecked = {2021-04-13},
	month = {11},
	title = {Earth Fact Sheet},
	url = {https://nssdc.gsfc.nasa.gov/planetary/factsheet/earthfact.html},
	urldate = {2021-04-13},
	year = {2020},
	Bdsk-Url-1 = {https://nssdc.gsfc.nasa.gov/planetary/factsheet/earthfact.html}}

@book{Gawlik:2018,
	address = {Vienna, Austria},
	author = {Wolfgang Gawlik},
	date-added = {2021-01-21 14:26:38 +0100},
	date-modified = {2021-04-13 13:51:33 +0200},
	publisher = {Institut of Energy Systems and Electrical Drivers},
	title = {Energieversorgung},
	year = {2018}}

@book{Ley:2011,
	address = {Munich},
	date-added = {2021-01-20 20:33:43 +0100},
	date-modified = {2021-04-13 14:17:27 +0200},
	edition = {4},
	editor = {Wilfried Ley and Klaus Wittmann and Willi Hallmann},
	publisher = {Carl Hanser Verlag},
	title = {Handbuch der Raumfahrttechnik},
	year = {2011}}

@book{Rebhan:2002,
	address = {New York},
	date-added = {2021-01-20 15:50:11 +0100},
	date-modified = {2021-04-13 14:24:48 +0200},
	editor = {Eckhard Rebhan},
	publisher = {Springer-Verlag Berlin Heidelberg},
	title = {Energiehandbuch},
	year = {2002}}

@url{Union:2020,
	author = {{European Comission}},
	date-added = {2021-01-18 16:54:00 +0100},
	date-modified = {2021-04-13 16:42:52 +0200},
	lastchecked = {2021-04-13},
	month = {03},
	title = {Photovoltaic Geographical Information System (PVGIS)},
	url = {https://ec.europa.eu/jrc/en/pvgis},
	urldate = {2021-04-13},
	year = {2021},
	Bdsk-Url-1 = {https://ec.europa.eu/jrc/en/pvgis}}

@book{Bertol:2011,
	address = {Saarbr{\"u}cken, Germany},
	author = {N. Bertol},
	date-added = {2021-01-18 16:45:15 +0100},
	date-modified = {2021-04-13 13:47:08 +0200},
	publisher = {VDM Verlag Dr. M{\"u}ller GmbH and Co. KG},
	title = {Photovoltaic Systems},
	year = {2011}}

@book{Schwarz:2011,
	address = {Wiesbaden, Germany},
	author = {Hans Rudolf Schwarz and Norbert K{\"o}ckler},
	date-added = {2021-01-18 15:15:54 +0100},
	date-modified = {2021-04-13 14:27:27 +0200},
	edition = {8},
	publisher = {Vieweg+Teubner Verlag | Springer Fachmedien Wiesbade GmbH},
	title = {Numerische Mathematik},
	year = {2011}}

@book{Rudolf:2014,
	address = {Munich},
	author = {Rudolf Taschner},
	date-added = {2021-01-18 15:14:16 +0100},
	date-modified = {2021-04-13 14:25:42 +0200},
	publisher = {Carl Hanser Verlag},
	title = {Anwendungsorientierte Mathematik f{\"u}r ingenuerwissenschaftliche Fachrichtungen},
	volume = {2},
	year = {2014}}

@book{Taschner:2014,
	address = {Munich},
	author = {Rudolf Taschner},
	date-added = {2021-01-18 15:11:34 +0100},
	date-modified = {2021-04-13 14:28:50 +0200},
	publisher = {Carl Hanser Verlag},
	title = {Anwendungsorientierte Mathematik f{\"u}r ingenuerwissenschaftliche Fachrichtungen},
	volume = {1},
	year = {2014}}

@book{Kugi:2021,
	address = {Vienna, Austria},
	author = {Andreas Kugi},
	date-added = {2021-01-18 15:08:01 +0100},
	date-modified = {2021-04-13 14:04:20 +0200},
	publisher = {Institut fuer Automatisierungs- und Regelungstechnik, TU Wien},
	title = {Automatisierung},
	year = {2021}}

@book{Hering:2017,
	address = {Berlin},
	date-added = {2021-01-17 15:20:57 +0100},
	date-modified = {2021-04-13 13:58:58 +0200},
	edition = {7},
	editor = {Ekbert Hering and Klaus Bressler and J{\"u}rgen Gutekunst},
	publisher = {Springer-Verlag GmbH Deutschland},
	title = {Elektronik f{\"u}r Ingenieure und Naturwissenschaftler},
	year = {2017}}

@url{Zepner:2020,
	author = {Laura Zepner and Pierre Karrash and Felix Wiemann and Lars Bernhard},
	date-added = {2021-01-02 21:08:39 +0100},
	date-modified = {2021-04-13 16:45:47 +0200},
	journal = {International Journal of Digital Earth},
	lastchecked = {2021-04-13},
	title = {An interactive climate analysis web platform},
	url = {https://climatecharts.net/},
	urldate = {2021-04-13},
	year = {2020},
	Bdsk-Url-1 = {https://climatecharts.net/}}

@url{Elert:2020,
	author = {Glenn Elert},
	date-added = {2021-01-01 15:01:16 +0100},
	date-modified = {2021-04-13 16:27:15 +0200},
	lastchecked = {2021-04-13},
	title = {Physical constants},
	url = {https://physics.info/constants/},
	urldate = {2021-04-13},
	year = {2021},
	Bdsk-Url-1 = {https://physics.info/constants/}}

@book{Tietze:2016,
	address = {New York},
	author = {Ulrich Tietze and Christoph Schenk and Eberhard Gamm},
	date-added = {2021-01-01 14:56:54 +0100},
	date-modified = {2021-04-13 14:30:27 +0200},
	edition = {15},
	publisher = {Springer-Verlag Berlin Heidelberg},
	title = {Halbleiter Schaltungstechnik},
	year = {2016}}

@article{AlNahhal:2019,
	author = {Ibrahim Al-Nahhal and Octavia A. Dobre and Ertugrul Basar and Cecilia Moloney and Salama Ikki},
	date-added = {2020-12-18 14:35:59 +0100},
	date-modified = {2021-03-04 15:01:43 +0100},
	journal = {IEEE Signal Processing Magazine},
	pages = {157},
	title = {A Fast, Accurate, and Separable Method for Fitting a Gaussian Function},
	volume = {36},
	year = {2019}}

@book{Schrufer:2014,
	address = {Munich},
	author = {Elmar Schr{\"u}fer and Leonhard Reindl and Bernhard Zagar},
	date-added = {2020-12-18 14:04:24 +0100},
	date-modified = {2021-04-13 14:26:13 +0200},
	edition = {11},
	publisher = {Carl Hanser Verlag},
	title = {Elektrische Messtechnik},
	year = {2014}}

@article{Koudouris:2017,
	author = {Giannis Koudouris and Panayiotis Dimitriadis and Theano Iliopoulou and Nikos Mamassis and Demetris Koutsoyiannis},
	date-added = {2020-12-17 20:35:25 +0100},
	date-modified = {2021-03-04 14:56:02 +0100},
	journal = {Energy Procedia},
	pages = {398-404},
	title = {Investigation on the stochastic nature of the solar radiation process},
	volume = {125},
	year = {2017}}

@article{Balafas:2010,
	author = {C.A. Balafas and M.D. Athanassopoulou and Th. Argyropoulos and P. Skafidas and C.T. Dervos},
	date-added = {2020-12-17 20:32:05 +0100},
	date-modified = {2021-03-04 14:44:37 +0100},
	journal = {Proceedings of the Mediterranean Electrotechnical Conference - MELECON},
	pages = {58-63},
	title = {Effect of the diffuse solar radiation on photovoltaic inverter output},
	year = {2010}}

@article{Guo:2017,
	author = {Zhongsheng Guo},
	date-added = {2020-12-17 20:27:22 +0100},
	date-modified = {2021-03-04 15:15:20 +0100},
	journal = {Journal of Astrophysics \& Aerospace Technology},
	pages = {10-14},
	title = {Daily Variation Law of Solar Radiation Flux Density Incident on the Horizontal Surface},
	volume = {8},
	year = {2017}}

@article{Nguyen:2020,
	author = {D. P. N. Nguyen and Johan Lauwaert},
	date-added = {2020-12-17 20:16:29 +0100},
	date-modified = {2021-03-04 15:03:21 +0100},
	journal = {Energies},
	month = {6},
	pages = {1-17},
	title = {Calculating the Energy Yield of Si-Based Solar Cells for Belgium and Vietnam Regions at Arbitrary Tilt and Orientation under Actual Weather Conditions},
	volume = {13},
	year = {2020}}

@book{Prechtl:2008,
	address = {Vienna, Austria},
	author = {Adalbert Prechtl},
	date-added = {2020-12-17 12:50:55 +0100},
	date-modified = {2021-04-13 14:22:30 +0200},
	edition = {2},
	publisher = {Springer-Verlag},
	title = {Vorlesungen {\"u}ber die Grundlagen der Elektrotechnik},
	volume = {2},
	year = {2008}}

@article{Appelbaum:1992,
	author = {J. Appelbaum and G.A. Landis},
	date-added = {2020-12-16 18:23:33 +0100},
	date-modified = {2021-04-14 16:04:19 +0200},
	journal = {NASA Technical Memorandum},
	month = {8},
	number = {105827},
	pages = {1-21},
	title = {Photovoltaic Array for Martian Surface Power},
	year = {1992},
	Bdsk-File-1 = {YnBsaXN0MDDSAQIDBFxyZWxhdGl2ZVBhdGhZYWxpYXNEYXRhXxArLi4vLi4vQ2l0ZWQgbGl0ZXJhdHVyZS9OQVNBX01hcnNfRW5lcmd5LnBkZk8RAYQAAAAAAYQAAgAADE1hY2ludG9zaCBIRAAAAAAAAAAAAAAAAAAAAAAAAABCRAAB/////xROQVNBX01hcnNfRW5lcmd5LnBkZgAAAAAAAAAAAAAAAAAAAAAAAAAAAAAAAAAAAAAAAAAAAAAAAAAAAAAAAAD/////AAAAAAAAAAAAAAAAAAIAAgAACiBjdQAAAAAAAAAAAAAAAAAQQ2l0ZWQgbGl0ZXJhdHVyZQACADsvOlVzZXJzOmZpbGlwOkRlc2t0b3A6Q2l0ZWQgbGl0ZXJhdHVyZTpOQVNBX01hcnNfRW5lcmd5LnBkZgAADgAqABQATgBBAFMAQQBfAE0AYQByAHMAXwBFAG4AZQByAGcAeQAuAHAAZABmAA8AGgAMAE0AYQBjAGkAbgB0AG8AcwBoACAASABEABIAOVVzZXJzL2ZpbGlwL0Rlc2t0b3AvQ2l0ZWQgbGl0ZXJhdHVyZS9OQVNBX01hcnNfRW5lcmd5LnBkZgAAEwABLwAAFQACAAz//wAAAAgADQAaACQAUgAAAAAAAAIBAAAAAAAAAAUAAAAAAAAAAAAAAAAAAAHa}}

@article{Appelbaum:1990,
	author = {Joseph Appelbaum and Dennis Jack Flood},
	date-added = {2020-12-16 18:21:27 +0100},
	date-modified = {2021-04-14 16:07:20 +0200},
	journal = {NASA Technical Memorandum},
	number = {102299},
	pages = {1-31},
	title = {Solar Radiation on Mars},
	year = {1989}}

@article{Landis:1995,
	author = {J. Appelbaum and I. Sherman and G. Landis},
	date-added = {2020-12-15 12:26:11 +0100},
	date-modified = {2021-04-14 16:04:29 +0200},
	journal = {NASA Technical Memorandum},
	number = {106321},
	pages = {1-19},
	title = {Solar radiation on Mars: stationary photovoltaic array},
	year = {1993},
	Bdsk-File-1 = {YnBsaXN0MDDSAQIDBFxyZWxhdGl2ZVBhdGhZYWxpYXNEYXRhXxAoLi4vLi4vQ2l0ZWQgbGl0ZXJhdHVyZS9OQVNBX01BUlNfUFZHLnBkZk8RAXYAAAAAAXYAAgAADE1hY2ludG9zaCBIRAAAAAAAAAAAAAAAAAAAAAAAAABCRAAB/////xFOQVNBX01BUlNfUFZHLnBkZgAAAAAAAAAAAAAAAAAAAAAAAAAAAAAAAAAAAAAAAAAAAAAAAAAAAAAAAAAAAAD/////AAAAAAAAAAAAAAAAAAIAAgAACiBjdQAAAAAAAAAAAAAAAAAQQ2l0ZWQgbGl0ZXJhdHVyZQACADgvOlVzZXJzOmZpbGlwOkRlc2t0b3A6Q2l0ZWQgbGl0ZXJhdHVyZTpOQVNBX01BUlNfUFZHLnBkZgAOACQAEQBOAEEAUwBBAF8ATQBBAFIAUwBfAFAAVgBHAC4AcABkAGYADwAaAAwATQBhAGMAaQBuAHQAbwBzAGgAIABIAEQAEgA2VXNlcnMvZmlsaXAvRGVza3RvcC9DaXRlZCBsaXRlcmF0dXJlL05BU0FfTUFSU19QVkcucGRmABMAAS8AABUAAgAM//8AAAAIAA0AGgAkAE8AAAAAAAACAQAAAAAAAAAFAAAAAAAAAAAAAAAAAAAByQ==}}

@book{Taschner:2015,
	address = {Munich},
	author = {Rudolf Taschner},
	date-added = {2020-12-13 15:21:34 +0100},
	date-modified = {2021-04-13 14:29:14 +0200},
	publisher = {Carl Hanser Verlag},
	title = {Anwendungsorientierte Mathematik f{\"u}r ingenuerwissenschaftliche Fachrichtungen},
	volume = {3},
	year = {2015}}

@url{SolargisData:2020,
	author = {{Solargis}},
	date-added = {2020-12-10 22:30:26 +0100},
	date-modified = {2021-04-13 16:40:26 +0200},
	lastchecked = {2021-04-13},
	title = {Solar data behind the maps},
	url = {https://solargis.com/maps-and-gis-data/tech-specs},
	urldate = {2021-04-13},
	year = {2021},
	Bdsk-Url-1 = {https://solargis.com/maps-and-gis-data/tech-specs}}

@book{Durandi:2009,
	address = {Zurich},
	author = {Werner Durandi and Baoswan Dzung Wong and Markus Kriener and Hansruedi K{\"u}nsch and Alfred Vogelsanger and Samuel Byland and Klemens Koch and Andreas Bartlome and Michael Bleichenbacher and Hans Roth},
	date-added = {2020-12-09 21:35:58 +0100},
	date-modified = {2021-04-13 13:49:18 +0200},
	edition = {2},
	editor = {DMK and DPK and DCK},
	publisher = {Orell F{\"u}ssli Verlag AG},
	title = {Formeln, Tabellen, Begriffe},
	year = {2009}}

@url{Bralower:2018,
	author = {Timothy Bralower and David Bice},
	date-added = {2020-11-27 15:03:46 +0100},
	date-modified = {2021-04-13 16:26:44 +0200},
	lastchecked = {2021-04-13},
	title = {Albedo},
	url = {https://www.e-education.psu.edu/earth103/node/1002},
	urldate = {2021-04-13},
	Bdsk-Url-1 = {https://www.e-education.psu.edu/earth103/node/1002}}

@article{Dobos:2011,
	author = {Endre Dobos},
	date-added = {2020-11-27 14:57:32 +0100},
	date-modified = {2021-03-04 14:36:10 +0100},
	journal = {Encyclopedia of Soil Science, Second Edition},
	pages = {3-5},
	title = {Albedo},
	year = {2011},
	Bdsk-File-1 = {YnBsaXN0MDDSAQIDBFxyZWxhdGl2ZVBhdGhZYWxpYXNEYXRhXxAhLi4vLi4vQ2l0ZWQgbGl0ZXJhdHVyZS9BbGJlZG8ucGRmTxEBXAAAAAABXAACAAAMTWFjaW50b3NoIEhEAAAAAAAAAAAAAAAAAAAAAAAAAEJEAAH/////CkFsYmVkby5wZGYAAAAAAAAAAAAAAAAAAAAAAAAAAAAAAAAAAAAAAAAAAAAAAAAAAAAAAAAAAAAAAAAAAAAAAP////8AAAAAAAAAAAAAAAAAAgACAAAKIGN1AAAAAAAAAAAAAAAAABBDaXRlZCBsaXRlcmF0dXJlAAIAMS86VXNlcnM6ZmlsaXA6RGVza3RvcDpDaXRlZCBsaXRlcmF0dXJlOkFsYmVkby5wZGYAAA4AFgAKAEEAbABiAGUAZABvAC4AcABkAGYADwAaAAwATQBhAGMAaQBuAHQAbwBzAGgAIABIAEQAEgAvVXNlcnMvZmlsaXAvRGVza3RvcC9DaXRlZCBsaXRlcmF0dXJlL0FsYmVkby5wZGYAABMAAS8AABUAAgAM//8AAAAIAA0AGgAkAEgAAAAAAAACAQAAAAAAAAAFAAAAAAAAAAAAAAAAAAABqA==}}

@book{Bennett:2010,
	address = {Hallbergmoos, Germany},
	author = {J. Bennett and M. Donahue and N. Schneider and M. Voit and Gunnar Radons},
	date-added = {2020-11-27 13:38:27 +0100},
	date-modified = {2021-04-13 13:47:08 +0200},
	edition = {5},
	editor = {Harald Lesch},
	publisher = {Pearson Deutschland GmbH},
	title = {Astronomie},
	year = {2010}}

@book{Wagner:2018,
	address = {Berlin},
	author = {Andreas Wagner},
	date-added = {2020-11-22 15:54:57 +0100},
	date-modified = {2021-04-13 14:31:23 +0200},
	edition = {5},
	publisher = {Springer-Verlag GmbH Deutschland},
	title = {Photovoltaik Engineering},
	year = {2018}}

@url{MeteorologicalModeling:2020,
	author = {{Solargis}},
	date-added = {2020-11-22 14:56:31 +0100},
	date-modified = {2021-04-13 16:47:49 +0200},
	lastchecked = {2021-04-13},
	title = {Meteorological models and post-processing},
	url = {https://solargis.com/docs/methodology/meteo-data},
	urldate = {2021-04-13},
	year = {2021},
	Bdsk-Url-1 = {https://solargis.com/docs/methodology/meteo-data}}

@url{SolarRadiationModeling:2020,
	author = {{Solargis}},
	date-added = {2020-11-21 19:08:42 +0100},
	date-modified = {2021-04-13 16:41:17 +0200},
	lastchecked = {2021-04-13},
	title = {Methodology - Solar radiation modeling},
	url = {https://solargis.com/docs/methodology/solar-radiation-modeling},
	urldate = {2021-04-13},
	year = {2021},
	Bdsk-Url-1 = {https://solargis.com/docs/methodology/solar-radiation-modeling}}

@url{GlobalSolarAtlas:2020,
	author = {{Global Solar Atlas}},
	date-added = {2020-11-21 17:02:37 +0100},
	date-modified = {2021-04-13 16:31:22 +0200},
	lastchecked = {2021-04-13},
	title = {Global Solar Atlas},
	url = {https://globalsolaratlas.info/map},
	urldate = {2021-04-13},
	year = {2021},
	Bdsk-Url-1 = {https://globalsolaratlas.info/map}}

@url{SolargisMaps:2020,
	author = {{Solargis}},
	date-added = {2020-11-21 17:02:14 +0100},
	date-modified = {2021-04-13 16:40:43 +0200},
	lastchecked = {2021-04-13},
	title = {Solar resource maps and GIS data for 200+ countries},
	url = {https://solargis.com/maps-and-gis-data/overview},
	urldate = {2021-04-13},
	year = {2021},
	Bdsk-Url-1 = {https://solargis.com/}}

@book{Karttunen:2006,
	address = {New York},
	date-added = {2020-11-18 17:29:58 +0100},
	date-modified = {2021-04-13 14:03:33 +0200},
	edition = {5},
	editor = {Hannu Karttunen and Pekka Kr{\"o}ger and Heikki Oja and Markku Poutanen and Karl Johan Donner},
	publisher = {Springer-Verlag Berlin Heidelberg},
	title = {Fundamental Astronomy},
	year = {2007},
	Bdsk-File-1 = {YnBsaXN0MDDSAQIDBFxyZWxhdGl2ZVBhdGhZYWxpYXNEYXRhXxBPLi4vRnVuZGFtZW50YWwgQXN0cm9ub215IDV0aCBlZCAtIEguIEthcnR0dW5lbiwgZXQgYWwuLCAoU3ByaW5nZXIsIDIwMDcpIFdXLnBkZk8RAk4AAAAAAk4AAgAAF0FQUExFIFNTRCBTTTA1MTJGIE1lZGlhAAAAAAAAAABCRAAB/////x9GdW5kYW1lbnRhbCBBc3Ryb24jRkZGRkZGRkYucGRmAAAAAAAAAAAAAAAAAAAAAAAAAAAAAAAAAAAAAAAAAAD/////AAAAAAAAAAAAAAAAAAEAAQAACiBjdQAAAAAAAAAAAAAAAAAHRGVza3RvcAAAAgBiLzpVc2VyczpGaWxpcDpEZXNrdG9wOkZ1bmRhbWVudGFsIEFzdHJvbm9teSA1dGggZWQgLSBILiBLYXJ0dHVuZW4sIGV0IGFsLiwgKFNwcmluZ2VyLCAyMDA3KSBXVy5wZGYADgCaAEwARgB1AG4AZABhAG0AZQBuAHQAYQBsACAAQQBzAHQAcgBvAG4AbwBtAHkAIAA1AHQAaAAgAGUAZAAgAC0AIABIAC4AIABLAGEAcgB0AHQAdQBuAGUAbgAsACAAZQB0ACAAYQBsAC4ALAAgACgAUwBwAHIAaQBuAGcAZQByACwAIAAyADAAMAA3ACkAIABXAFcALgBwAGQAZgAPADAAFwBBAFAAUABMAEUAIABTAFMARAAgAFMATQAwADUAMQAyAEYAIABNAGUAZABpAGEAEgBgVXNlcnMvRmlsaXAvRGVza3RvcC9GdW5kYW1lbnRhbCBBc3Ryb25vbXkgNXRoIGVkIC0gSC4gS2FydHR1bmVuLCBldCBhbC4sIChTcHJpbmdlciwgMjAwNykgV1cucGRmABMAAS8AABUAAgAM//8AAAAIAA0AGgAkAHYAAAAAAAACAQAAAAAAAAAFAAAAAAAAAAAAAAAAAAACyA==}}

@book{Mertens:2015,
	address = {Munich},
	author = {Konrad Mertens},
	date-added = {2020-11-18 15:42:16 +0100},
	date-modified = {2021-04-13 14:19:24 +0200},
	edition = {3},
	publisher = {Carl Hanser Verlag},
	title = {Photovoltaik},
	year = {2015}}

@book{Prechtl:2006,
	address = {Vienna, Austria},
	author = {Adalbert Prechtl},
	date-added = {2020-11-18 15:22:49 +0100},
	date-modified = {2021-04-13 14:21:55 +0200},
	edition = {2},
	publisher = {Springer-Verlag},
	title = {Vorlesungen {\"u}ber die Grundlagen der Elektrotechnik},
	volume = {1},
	year = {2006}}

@url{EVA:2018,
	author = {{NASA's Open Data Portal}},
	date-added = {2020-11-05 14:13:03 +0100},
	date-modified = {2021-04-13 16:29:54 +0200},
	lastchecked = {2021-04-13},
	month = {01},
	title = {EVA Suitport},
	url = {https://data.nasa.gov/dataset/EVA-Suitport/ivcm-2xim},
	urldate = {2021-04-13},
	year = {2021},
	Bdsk-Url-1 = {https://data.nasa.gov/dataset/EVA-Suitport/ivcm-2xim}}

@url{OeWF:2019_missions,
	author = {{Austrian Space Forum}},
	date-added = {2020-09-02 14:46:01 +0200},
	date-modified = {2021-04-14 16:09:26 +0200},
	lastchecked = {2021-04-13},
	title = {Portfolio Category ``Field simulations/Expeditions''},
	url = {https://oewf.org/en/portfoliocat/field-simulations-expeditions/},
	urldate = {2021-04-13},
	year = {2021},
	Bdsk-Url-1 = {https://oewf.org/en/portfoliocat/field-simulations-expeditions/}}

@manual{DP3601:2010,
	date-added = {2020-08-14 14:37:36 +0200},
	date-modified = {2021-04-15 11:40:11 +0200},
	edition = {AC3-04-029},
	month = {4},
	organization = {{Motorola Solutions Inc.}},
	title = {Mototrbo DP 3600/DP 3601/DP 3400/DP 3401},
	year = {2010},
	Bdsk-File-1 = {YnBsaXN0MDDSAQIDBFxyZWxhdGl2ZVBhdGhZYWxpYXNEYXRhXxA3Li4vQ2l0ZWQgbGl0ZXJhdHVyZS9Nb3Rvcm9sYSBEUDM2MHggcmFkaW9fZGF0YXNoZWV0LnBkZk8RAdQAAAAAAdQAAgAAF0FQUExFIFNTRCBTTTA1MTJGIE1lZGlhAAAAAAAAAABCRAAB/////x9Nb3Rvcm9sYSBEUDM2MHggcmEjRkZGRkZGRkYucGRmAAAAAAAAAAAAAAAAAAAAAAAAAAAAAAAAAAAAAAAAAAD/////AAAAAAAAAAAAAAAAAAEAAgAACiBjdQAAAAAAAAAAAAAAAAAQQ2l0ZWQgbGl0ZXJhdHVyZQACAEovOlVzZXJzOkZpbGlwOkRlc2t0b3A6Q2l0ZWQgbGl0ZXJhdHVyZTpNb3Rvcm9sYSBEUDM2MHggcmFkaW9fZGF0YXNoZWV0LnBkZgAOAEgAIwBNAG8AdABvAHIAbwBsAGEAIABEAFAAMwA2ADAAeAAgAHIAYQBkAGkAbwBfAGQAYQB0AGEAcwBoAGUAZQB0AC4AcABkAGYADwAwABcAQQBQAFAATABFACAAUwBTAEQAIABTAE0AMAA1ADEAMgBGACAATQBlAGQAaQBhABIASFVzZXJzL0ZpbGlwL0Rlc2t0b3AvQ2l0ZWQgbGl0ZXJhdHVyZS9Nb3Rvcm9sYSBEUDM2MHggcmFkaW9fZGF0YXNoZWV0LnBkZgATAAEvAAAVAAIADP//AAAACAANABoAJABeAAAAAAAAAgEAAAAAAAAABQAAAAAAAAAAAAAAAAAAAjY=}}

@article{Preston:2014,
	author = {Louisa J. Preston and Lewis R. Dartell},
	date-added = {2020-08-13 20:54:22 +0200},
	date-modified = {2021-04-13 13:25:16 +0200},
	journal = {International Journal of Astrobiology},
	pages = {81-98},
	title = {Planetary habitability: lessons learned from terrestrial analogues},
	volume = {13},
	year = {2014},
	Bdsk-File-1 = {YnBsaXN0MDDSAQIDBFxyZWxhdGl2ZVBhdGhZYWxpYXNEYXRhXxAxLi4vLi4vQ2l0ZWQgbGl0ZXJhdHVyZS9QbGFuZXRhcnkgaGFiaXRhYmlsaXR5LnBkZk8RAZwAAAAAAZwAAgAADE1hY2ludG9zaCBIRAAAAAAAAAAAAAAAAAAAAAAAAABCRAAB/////xpQbGFuZXRhcnkgaGFiaXRhYmlsaXR5LnBkZgAAAAAAAAAAAAAAAAAAAAAAAAAAAAAAAAAAAAAAAAAAAAAAAAD/////AAAAAAAAAAAAAAAAAAIAAgAACiBjdQAAAAAAAAAAAAAAAAAQQ2l0ZWQgbGl0ZXJhdHVyZQACAEEvOlVzZXJzOmZpbGlwOkRlc2t0b3A6Q2l0ZWQgbGl0ZXJhdHVyZTpQbGFuZXRhcnkgaGFiaXRhYmlsaXR5LnBkZgAADgA2ABoAUABsAGEAbgBlAHQAYQByAHkAIABoAGEAYgBpAHQAYQBiAGkAbABpAHQAeQAuAHAAZABmAA8AGgAMAE0AYQBjAGkAbgB0AG8AcwBoACAASABEABIAP1VzZXJzL2ZpbGlwL0Rlc2t0b3AvQ2l0ZWQgbGl0ZXJhdHVyZS9QbGFuZXRhcnkgaGFiaXRhYmlsaXR5LnBkZgAAEwABLwAAFQACAAz//wAAAAgADQAaACQAWAAAAAAAAAIBAAAAAAAAAAUAAAAAAAAAAAAAAAAAAAH4}}

@url{Israel:2020,
	author = {{Austrian Space Forum}},
	date-added = {2020-08-11 16:56:35 +0200},
	date-modified = {2021-04-13 16:36:19 +0200},
	lastchecked = {2021-04-13},
	month = {08},
	title = {Austrian Space Forum postpones Mars Analog Mission by one year to October 2021},
	url = {https://oewf.org/en/2020/08/countdown-for-mars-simulation-halted/},
	urldate = {2021-04-13},
	year = {2020},
	Bdsk-Url-1 = {https://oewf.org/2020/08/countdown-fuer-mars-simulation-angehalten/}}

@article{Salas:2011,
	author = {E. Salas and W. Abbey and R. Bhartia and L. W. Beegle},
	date-added = {2020-08-11 16:06:34 +0200},
	date-modified = {2021-04-13 13:25:34 +0200},
	pages = {1-3},
	title = {The Mojave Desert: a Martian analog site for future astrobilogy themed missions.},
	year = {2011},
	Bdsk-File-1 = {YnBsaXN0MDDSAQIDBFxyZWxhdGl2ZVBhdGhZYWxpYXNEYXRhXxAmLi4vLi4vQ2l0ZWQgbGl0ZXJhdHVyZS9Nb2phdmVfTWFycy5wZGZPEQFuAAAAAAFuAAIAAAxNYWNpbnRvc2ggSEQAAAAAAAAAAAAAAAAAAAAAAAAAQkQAAf////8PTW9qYXZlX01hcnMucGRmAAAAAAAAAAAAAAAAAAAAAAAAAAAAAAAAAAAAAAAAAAAAAAAAAAAAAAAAAAAAAAAA/////wAAAAAAAAAAAAAAAAACAAIAAAogY3UAAAAAAAAAAAAAAAAAEENpdGVkIGxpdGVyYXR1cmUAAgA2LzpVc2VyczpmaWxpcDpEZXNrdG9wOkNpdGVkIGxpdGVyYXR1cmU6TW9qYXZlX01hcnMucGRmAA4AIAAPAE0AbwBqAGEAdgBlAF8ATQBhAHIAcwAuAHAAZABmAA8AGgAMAE0AYQBjAGkAbgB0AG8AcwBoACAASABEABIANFVzZXJzL2ZpbGlwL0Rlc2t0b3AvQ2l0ZWQgbGl0ZXJhdHVyZS9Nb2phdmVfTWFycy5wZGYAEwABLwAAFQACAAz//wAAAAgADQAaACQATQAAAAAAAAIBAAAAAAAAAAUAAAAAAAAAAAAAAAAAAAG/}}

@article{Preston:2012,
	author = {Louisa Preston and Monika Grady and Simeon Barber},
	date-added = {2020-08-11 15:59:08 +0200},
	date-modified = {2021-03-04 14:54:34 +0100},
	journal = {The Open University},
	pages = {1-170},
	title = {CAFE concepts for activities in the field for exploration},
	volume = {Final Version},
	year = {2012},
	Bdsk-File-1 = {YnBsaXN0MDDSAQIDBFxyZWxhdGl2ZVBhdGhZYWxpYXNEYXRhXxA/Li4vLi4vQ2l0ZWQgbGl0ZXJhdHVyZS9UaGVfQ2F0YWxvZ3VlX29mX1BsYW5ldGFyeV9BbmFsb2d1ZXMucGRmTxEB1AAAAAAB1AACAAAMTWFjaW50b3NoIEhEAAAAAAAAAAAAAAAAAAAAAAAAAEJEAAH/////H1RoZV9DYXRhbG9ndWVfb2ZfUCNGRkZGRkZGRi5wZGYAAAAAAAAAAAAAAAAAAAAAAAAAAAAAAAAAAAAAAAAAAP////8AAAAAAAAAAAAAAAAAAgACAAAKIGN1AAAAAAAAAAAAAAAAABBDaXRlZCBsaXRlcmF0dXJlAAIATy86VXNlcnM6ZmlsaXA6RGVza3RvcDpDaXRlZCBsaXRlcmF0dXJlOlRoZV9DYXRhbG9ndWVfb2ZfUGxhbmV0YXJ5X0FuYWxvZ3Vlcy5wZGYAAA4AUgAoAFQAaABlAF8AQwBhAHQAYQBsAG8AZwB1AGUAXwBvAGYAXwBQAGwAYQBuAGUAdABhAHIAeQBfAEEAbgBhAGwAbwBnAHUAZQBzAC4AcABkAGYADwAaAAwATQBhAGMAaQBuAHQAbwBzAGgAIABIAEQAEgBNVXNlcnMvZmlsaXAvRGVza3RvcC9DaXRlZCBsaXRlcmF0dXJlL1RoZV9DYXRhbG9ndWVfb2ZfUGxhbmV0YXJ5X0FuYWxvZ3Vlcy5wZGYAABMAAS8AABUAAgAM//8AAAAIAA0AGgAkAGYAAAAAAAACAQAAAAAAAAAFAAAAAAAAAAAAAAAAAAACPg==}}

@book{Christian:2004,
	address = {Braunschweig, Germany},
	author = {A. Christian and W. Jungbauer and H. K{\"a}hler and Hans-Peter Konopka and D. Kr{\"u}ger and J. M{\"u}ller and A. Paul, Ed. and F. Thomas},
	date-added = {2020-08-11 15:23:53 +0200},
	date-modified = {2021-04-13 14:12:13 +0200},
	publisher = {Bildungshaus Schulbuchverlage Westermann Schroedel Diesterweg Sch{\"o}ningh Winklers GmbH, Braunschweig},
	title = {Biologie Heute SII},
	volume = {Druck A7 / Jahr 2011},
	year = {2004}}

@manual{Groemer:2020,
	author = {Gernot Groemer},
	date-added = {2020-07-24 16:21:35 +0200},
	date-modified = {2021-04-15 11:39:34 +0200},
	edition = {V4.7.5},
	month = {3},
	organization = {{Austrian Space Forum}},
	title = {Aouda System Handbook},
	year = {2020}}

@url{Greicius:2015,
	author = {{National Aeronautics and Space Administration}},
	date-added = {2020-04-30 13:44:47 +0200},
	date-modified = {2021-04-13 16:34:21 +0200},
	lastchecked = {2021-04-13},
	month = {08},
	title = {Rock Spire in 'Spirit of St. Louis Crater' on Mars},
	url = {https://www.nasa.gov/jpl/mer/pia19393/rock-spire-in-spirit-of-st-louis-crater-on-mars},
	urldate = {2021-04-13},
	year = {2017},
	Bdsk-Url-1 = {https://www.nasa.gov/jpl/mer/pia19393/rock-spire-in-spirit-of-st-louis-crater-on-mars}}

@url{OeWF:2019_suit,
	author = {{Austrian Space Forum}},
	date-added = {2020-04-18 12:39:06 +0200},
	date-modified = {2021-04-13 16:38:55 +0200},
	lastchecked = {2021-04-13},
	title = {Our Space Suit Simulators},
	url = {https://oewf.org/en/amadee-program/spacesuit-simulator/},
	urldate = {2021-04-13},
	year = {2021},
	Bdsk-Url-1 = {https://oewf.org/en/amadee-program/spacesuit-simulator/}}

@url{OeWF:2019_history,
	author = {{Austrian Space Forum}},
	date-added = {2020-04-18 00:26:21 +0200},
	date-modified = {2021-04-13 16:38:09 +0200},
	lastchecked = {2021-04-13},
	title = {Once upon a time...},
	url = {https://oewf.org/en/about-the-oewf/history/},
	urldate = {2021-04-13},
	year = {2021},
	Bdsk-Url-1 = {https://oewf.org/en/about-the-oewf/history/}}

@book{Glover:2010,
	address = {Essex, England},
	author = {Ian A. Glover and Peter M. Grant},
	date-added = {2020-04-17 20:27:34 +0200},
	date-modified = {2021-04-13 13:55:25 +0200},
	edition = {3},
	publisher = {Prentice Education Limited},
	title = {Digital Communications},
	year = {2010}}
